@article{Areia2021,
  title = {Experiences of current vital signs monitoring practices and views of wearable monitoring: A qualitative study in patients and nurses},
  volume = {78},
  ISSN = {1365-2648},
  url = {http://dx.doi.org/10.1111/jan.15055},
  DOI = {10.1111/jan.15055},
  number = {3},
  journal = {Journal of Advanced Nursing},
  publisher = {Wiley},
  author = {Areia,  Carlos and King,  Elifzabeth and Ede,  Jody and Young,  Louise and Tarassenko,  Lionel and Watkinson,  Peter and Vollam,  Sarah},
  year = {2021},
  month = oct,
  pages = {810–822}
}

@article{Varnosfaderani2024,
  title = {The Role of AI in Hospitals and Clinics: Transforming Healthcare in the 21st Century},
  volume = {11},
  ISSN = {2306-5354},
  url = {http://dx.doi.org/10.3390/bioengineering11040337},
  DOI = {10.3390/bioengineering11040337},
  number = {4},
  journal = {Bioengineering},
  publisher = {MDPI AG},
  author = {Maleki Varnosfaderani,  Shiva and Forouzanfar,  Mohamad},
  year = {2024},
  month = mar,
  pages = {337}
}
@article{Rush2018,
  title = {Applying machine learning to continuously monitored physiological data},
  volume = {33},
  ISSN = {1573-2614},
  url = {http://dx.doi.org/10.1007/s10877-018-0219-z},
  DOI = {10.1007/s10877-018-0219-z},
  number = {5},
  journal = {Journal of Clinical Monitoring and Computing},
  publisher = {Springer Science and Business Media LLC},
  author = {Rush,  Barret and Celi,  Leo Anthony and Stone},
  year = {2018},
  month = nov,
  pages = {887–893}
}

@misc{Vargas2023,
  author = {Vargas, Guido Enrique},
  year = {2023},
  title = {{MAD-VitalS: Solución de inteligencia artificial para el monitoreo y detección de anomalías en signos vitales de pacientes en UCIP en tiempo real}},
  howpublished = {\url{http://hdl.handle.net/1992/68734}}
}

@book{Leyton2020,
  title        = {Manual de signos vitales en la población pediátrica},
  author       = {Wilfredo Leyton Lazo and Clara López Andrade},
  year         = 2020,
  publisher    = {Editorial Universidad de Los Lagos},
  address      = {Osorno, Chile},
  isbn         = {978-956-6043-18-8},
  url          = {https://editorial.ulagos.cl/wp-content/uploads/2021/04/Manual-de-signos-vitales-en-la-poblacion-pediatrica.pdf},
  doi          = {10.32735/978-956-6043-18-8/2020}
}

@article{Arango2015,
  title = {Relación de la asignación de personal de enfermería con indicadores de resultado de la calidad de la atención en unidades de cuidados intensivos adulto},
  volume = {15},
  ISSN = {2027-5374},
  url = {http://dx.doi.org/10.5294/aqui.2015.15.1.9},
  DOI = {10.5294/aqui.2015.15.1.9},
  number = {1},
  journal = {Aquichan},
  publisher = {Universidad de la Sabana},
  author = {Arango,  Gloria Lucía and Peña,  Beatriz and Vega,  Yolanda},
  year = {2015},
  month = may,
  pages = {90–104}
}

@article{Aiken2002,
  title = {Hospital Nurse Staffing and Patient Mortality,  Nurse Burnout,  and Job Dissatisfaction},
  volume = {288},
  ISSN = {0098-7484},
  url = {http://dx.doi.org/10.1001/jama.288.16.1987},
  DOI = {10.1001/jama.288.16.1987},
  number = {16},
  journal = {JAMA},
  publisher = {American Medical Association (AMA)},
  author = {Aiken, Linda H. and Clarke, Sean P. and Sloane, Douglas M. and Sochalski, Julie and Silber, Jeffrey H.},
  year = {2002},
  month = oct,
  pages = {1987}
}

@article{Davenport2019,
title = {The potential for artificial intelligence in healthcare},
journal = {Future Healthcare Journal},
volume = {6},
number = {2},
pages = {94-98},
year = {2019},
issn = {2514-6645},
doi = {https://doi.org/10.7861/futurehosp.6-2-94},
url = {https://www.sciencedirect.com/science/article/pii/S2514664524010592},
author = {Thomas Davenport and Ravi Kalakota},
keywords = {Artificial intelligence, clinical decision support, electronic health record systems}
}


@Article{Karalis2024,
AUTHOR = {Karalis, Vangelis D.},
TITLE = {The Integration of Artificial Intelligence into Clinical Practice},
JOURNAL = {Applied Biosciences},
VOLUME = {3},
YEAR = {2024},
NUMBER = {1},
PAGES = {14--44},
URL = {https://www.mdpi.com/2813-0464/3/1/2},
ISSN = {2813-0464},
DOI = {10.3390/applbiosci3010002}
}

@article{Ariste2019,
  author       = {Ruolz Ariste and Ali Béjaoui and Anyck Dauphin},
  title        = {Critical analysis of nurses' labour market effectiveness in Canada: The hidden aspects of the shortage},
  journal      = {The International Journal of Health Planning and Management},
  year         = {2019},
  volume       = {34},
  number       = {4},
  pages        = {1144--1154},
  month        = oct,
  doi          = {10.1002/hpm.2772},
  url          = {https://doi.org/10.1002/hpm.2772},
  publisher    = {John Wiley & Sons, Ltd.},
  language     = {English},
  issn         = {1099-1751},
  pmid         = {30945352},
  eprint       = {https://pubmed.ncbi.nlm.nih.gov/30945352/}
}

@misc{MinistryHealth2024,
  author       = {{Ministerio de Salud de la provincia de Columbia}},
  title        = {Ratio Definitions for Hospital Sector - Province of British Columbia},
  year         = {2024},
  month        = sep,
  day          = 19,
  url          = {https://www2.gov.bc.ca/gov/content/health/practitioner-professional-resources/mnpr/mnpr-ratio-definitions}
}




@article{Depasse1998,
  author       = {Depasse, B and Pauwels, D and Somers, Y and Vincent, J. L.},
  title        = {A profile of European ICU nursing},
  journal      = {Intensive Care Medicine},
  volume       = {24},
  number       = {9},
  pages        = {939--945},
  year         = {1998},
  month        = sep,
  doi          = {10.1007/s001340050693},
  issn         = {0342-4642},
  pmid         = {9803330}
}

@article{zhang2023interpretable,
  title={An interpretable machine learning model for real-time sepsis prediction based on basic physiological indicators},
  author={Zhang, T-Y and Zhong, M and Cheng, Y-Z and Zhang, M-W},
  journal={European Review for Medical and Pharmacological Sciences},
  volume={27},
  number={10},
  pages={4348--4356},
  year={2023},
  publisher={Eur Rev Med Pharmacol Sci},
  doi={10.26355/eurrev_202305_32439},
  issn={2284-0729},
  pmid={37259715}
}

@book{oecd2024society,
  title        = {Society at a Glance 2024: OECD Social Indicators},
  author       = {{OECD}},
  year         = {2024},
  publisher    = {OECD Publishing},
  address      = {Paris},
  doi          = {10.1787/918d8db3-en},
  url          = {https://doi.org/10.1787/918d8db3-en}
}

@phdthesis{Pieroni2023,
             doi = {10.24377/LJMU.t.00019587},
            year = {2023},
          school = {Liverpool John Moores University},
           title = {Machine Learning Modelling of Critical Care Patients in the Intensive Care Units},
          editor = {I Oiler and S Ortega-Martorell and G Lip and I Welters},
           month = jun,
             url = {https://researchonline.ljmu.ac.uk/id/eprint/19587/},
          author = {Pieroni, M},
        keywords = {Machine Learning; AI; ICU; Sepsis; Cardiovascular; Atrial Fibrillation; Critical Care; Intensive Care}
}




